@manual{Octave2015,
  author =       {John W. Eaton and David Bateman and S{\o}ren Hauberg and Rik
                  Wehbring},
  title =        {{GNU Octave} version 4.0.0 manual: a high-level interactive
                  language for numerical computations},
  year =         2015,
  url =          {http://www.gnu.org/software/octave/doc/interpreter}
}

@manual{GSL2009,
  author =       {M. Galassi and others},
  title =        {GNU Scientific Library Reference Manual - Third Edition},
  year =         2009,
  url =          {https://www.gnu.org/software/gsl},
}

@article{LIGOVirg2016a,
  author =       {Abbott, B.~P. and others},
  title =        {{Observation of Gravitational Waves from a Binary Black Hole
                  Merger}},
  journal =      {Physical Review Letters},
  year =         2016,
  volume =       116,
  pages =        061102,
  collaboration ={{LIGO Scientific Collaboration} and {Virgo Collaboration}},
  doi =          {10.1103/PhysRevLett.116.061102},
  archiveprefix ={arXiv},
  primaryclass = {gr-qc},
  eprint =       {1602.03837},
  adsurl =       {http://adsabs.harvard.edu/abs/2016PhRvL.116f1102A},
  adsnote =      {Provided by the SAO/NASA Astrophysics Data System},
}

@article{LIGOVirg2017a,
  author =       {{Abbott}, B.~P. and others},
  title =        {{GW170817: Observation of Gravitational Waves from a Binary
                  Neutron Star Inspiral}},
  journal =      {Physical Review Letters},
  year =         2017,
  volume =       119,
  pages =        161101,
  collaboration ={{LIGO Scientific Collaboration} and {Virgo Collaboration}},
  doi =          {10.1103/PhysRevLett.119.161101},
  archiveprefix ={arXiv},
  primaryclass = {gr-qc},
  eprint =       {1710.05832},
  adsurl =       {http://adsabs.harvard.edu/abs/2017PhRvL.119p1101A},
  adsnote =      {Provided by the SAO/NASA Astrophysics Data System},
}

@inproceedings{Prix2009a,
  author =       {Prix, R.},
  title =        {{Gravitational Waves from Spinning Neutron Stars}},
  booktitle =    {{Neutron Stars and Pulsars}},
  year =         2009,
  editor =       {Becker, W.},
  series =       {Astrophysics and Space Science Library},
  pages =        651,
  address =      {Berlin/Heidelberg},
  publisher =    {Springer},
  note =         {\url{https://dcc.ligo.org/LIGO-P060039/public}},
  doi =          {10.1007/978-3-540-76965-1_24},
  url =          {https://dcc.ligo.org/LIGO-P060039/public},
  adsurl =       {http://adsabs.harvard.edu/abs/2009ASSL..357..651P},
  adsnote =      {Provided by the SAO/NASA Astrophysics Data System},
  volume =       357,
}

@article{Rile2017a,
  author =       {{Riles}, K.},
  title =        {{Recent searches for continuous gravitational waves}},
  journal =      {Modern Physics Letters A},
  year =         2017,
  volume =       32,
  pages =        {1730035-685},
  doi =          {10.1142/S021773231730035X},
  archiveprefix ={arXiv},
  primaryclass = {gr-qc},
  eprint =       {1712.05897},
  adsurl =       {http://adsabs.harvard.edu/abs/2017MPLA...3230035R},
  adsnote =      {Provided by the SAO/NASA Astrophysics Data System},
}

@article{PrixShal2012a,
  author =       {Prix, R. and Shaltev, M.},
  title =        {{Search for continuous gravitational waves: Optimal StackSlide
                  method at fixed computing cost}},
  journal =      {Physical Review D},
  year =         2012,
  volume =       85,
  pages =        084010,
  doi =          {10.1103/PhysRevD.85.084010},
  archiveprefix ={arXiv},
  primaryclass = {gr-qc},
  eprint =       {1201.4321},
  adsurl =       {http://adsabs.harvard.edu/abs/2012PhRvD..85h4010P},
  adsnote =      {Provided by the SAO/NASA Astrophysics Data System},
}

@article{Wett2012a,
  author =       {Wette, K.},
  title =        {{Estimating the sensitivity of wide-parameter-space searches
                  for gravitational-wave pulsars}},
  journal =      {Physical Review D},
  year =         2012,
  volume =       85,
  pages =        042003,
  doi =          {10.1103/PhysRevD.85.042003},
  archiveprefix ={arXiv},
  primaryclass = {gr-qc},
  eprint =       {1111.5650},
  adsurl =       {http://adsabs.harvard.edu/abs/2012PhRvD..85d2003W},
  adsnote =      {Provided by the SAO/NASA Astrophysics Data System},
}

@article{KeitEtAl2014a,
  author =       {Keitel, D. and Prix, R. and Papa, M.~A. and Leaci, P. and
                  Siddiqi, M.},
  title =        {{Search for continuous gravitational waves: Improving
                  robustness versus instrumental artifacts}},
  journal =      {Physical Review D},
  year =         2014,
  volume =       89,
  pages =        064023,
  doi =          {10.1103/PhysRevD.89.064023},
  archiveprefix ={arXiv},
  primaryclass = {gr-qc},
  eprint =       {1311.5738},
  adsurl =       {http://adsabs.harvard.edu/abs/2014PhRvD..89f4023K},
  adsnote =      {Provided by the SAO/NASA Astrophysics Data System},
}

@article{WettPrix2013a,
  author =       {Wette, K. and Prix, R.},
  title =        {{Flat parameter-space metric for all-sky searches for
                  gravitational-wave pulsars}},
  journal =      {Physical Review D},
  year =         2013,
  volume =       88,
  pages =        123005,
  doi =          {10.1103/PhysRevD.88.123005},
  archiveprefix ={arXiv},
  primaryclass = {gr-qc},
  eprint =       {1310.5587},
  adsurl =       {http://adsabs.harvard.edu/abs/2013PhRvD..88l3005W},
  adsnote =      {Provided by the SAO/NASA Astrophysics Data System},
}

@article{LeacPrix2015a,
  author =       {Leaci, P. and Prix, R.},
  title =        {{Directed searches for continuous gravitational waves from
                  binary systems: Parameter-space metrics and optimal Scorpius
                  X-1 sensitivity}},
  journal =      {Physical Review D},
  year =         2015,
  volume =       91,
  pages =        102003,
  doi =          {10.1103/PhysRevD.91.102003},
  archiveprefix ={arXiv},
  primaryclass = {gr-qc},
  eprint =       {1502.00914},
  adsurl =       {http://adsabs.harvard.edu/abs/2015PhRvD..91j2003L},
  adsnote =      {Provided by the SAO/NASA Astrophysics Data System},
}

@article{Wett2018a,
  author =       {Wette, K. and Walsh, S. and Prix, R. and Papa, M. A.},
  title =        {{Weave: a semicoherent search implementation for continuous
                  gravitational waves}},
  journal =      {submitted to Physical Review D},
  year =         2018,
}
